%%
%% WinShell 3.3.0.3
%% http://www.winshell.org/
%%

% Strings


% Preamble


% BibTeX Entries
@inproceedings{Benoit1981,
 address              = {Nancy},
 author               = {Paul Benoit},
 booktitle            = {Les entr{\'e}es dans la vie : XIIe Congr{\`e}s de la soci{\'e}t{\'e} des historiens m{\'e}di{\'e}vistes de l'enseignement public},
 pages                = {209-224},
 title                = {La formation math{\'e}matique des marchands fran√ßais {\`a} la fin du Moyen Age : l'exemple du \textit{Kadran aux marchans} (1485)},
 year                 = {1982},
 }

@inbook{Benoit1989,
 address              = {Paris},
 author               = {Paul Benoit},
 booktitle            = {Michel \textsc{Serres} (dir.), El{\'e}ments d'histoire des sciences},
 pages                = {197-221},
 publisher            = {Bordas},
 title                = {Calcul, alg{\`e}bre et marchandise},
 year                 = {1989},
 }

@article{cottrell98,
 author               = {Cottrell, M. and Fort, J.-C. and Pag{\`e}s, G.},
 journal              = {Neurocomputing},
 pages                = {119--138},
 title                = {Theoretical Aspects of the {SOM} Algorithm},
 volume               = {21},
 year                 = {1998},
 }

@article{debodt02,
 author               = {de Bodt, E. and Cottrell, M. and Verleysen, M.},
 journal              = {Neural Networks},
 pages                = {967--978},
 title                = {Statistical tools to assess the reliability of self-organizing maps},
 volume               = {15, 8-9},
 year                 = {2002},
 }

@article{exactis,
 author               = {Bourgeois, N. and Escoffier, B. and Paschos, V. Th. and Rooij, J. M. M. v.},
 journal              = {Algorithmica},
 pages                = {382-415},
 title                = {Fast algorithms for max independent set},
 volume               = {62},
 year                 = {2012},
 }

@book{kohonen95,
 address              = {Berlin},
 author               = {Kohonen, Teuvo},
 publisher            = {Springer Series in Information Science},
 title                = {Self-Organizing Maps},
 volume               = {30},
 year                 = {1995},
 }

@incollection{lamasse2012,
 address              = {Heidelberg},
 author               = {Lamass{\'e}, St{\'e}phane},
 booktitle            = {Sciences et langues au Moyen {\^A}ge, Actes de l'Atelier franco-allemand, Paris, 27-30 janvier 2009},
 editor               = {Ducos, Jo{\"e}lle},
 pages                = {66-104},
 publisher            = {Universit{\"a}tesverlag},
 title                = {Les trait{\'e}s d'arithm{\'e}tique m{\'e}di{\'e}vale et la constitution d'une langue de sp{\'e}cialit{\'e}},
 year                 = {2012},
 }

@book{lebartstatistique1994,
 address              = {Paris},
 author               = {Lebart, Ludovic and Salem, Andr{\'e}},
 isbn                 = {2-10-002239-3},
 lccn                 = {0594},
 publisher            = {Dunod},
 title                = {Statistique textuelle},
 year                 = {1994},
 }

@phdthesis{martinezcontribution2003,
 author               = {Martinez, William and Salem, Andr{\'e}},
 lccn                 = {0028},
 title                = {Contribution {\`a} une m{\'e}thodologie de l'analyse des cooccurrences lexicales multiples dans les corpus textuels},
 type                 = {Th{\`e}se doctorat},
 year                 = {2003},
 }

@book{oja99,
 author               = {Oja, Erkki and Kaski, Samuel},
 publisher            = {Elsevier},
 title                = {Kohonen Maps},
 year                 = {1999},
 }

@article{qis,
 author               = {Bourgeois, N. and Giannakos, G. and Milis, I. and Paschos, V. Th. and Pottie, O.},
 journal              = {Journal of Combinatorial Optimization},
 pages                = {94-117},
 title                = {The Max Quasi-Independent Set Problem},
 volume               = {23},
 year                 = {2010},
 }

@incollection{beaujouanenseignement1954,
	title = {L'enseignement de l'arithm{\'e}tique {\'e}l{\'e}mentaire {\`a} {l'Universit{\'e}} de Paris aux XIIIe et XIVe si{\`e}cles},
	volume = {I},
	booktitle = {Homenaje a Mil{\'a}s-Vallicrosa},
	publisher = {{C.S.I.C}},
	author = {Beaujouan, Guy},
	year = {1954},
	pages = {93--124}
}

@inproceedings{beaujouanplace1988,
	title = {The place of {N}icolas {C}huquet in a typology of fifteenth-century French arithmetics},
	publisher = {Clarendon Press},
	author = {Beaujouan, Guy},
	editor = {Hay, Cynthia},
	year = {1988},
	pages = {73--88},
}

@article{benoitrecherches1985,
	title = {Recherches sur le vocabulaire des op{\'e}rations {\'e}l{\'e}mentaires dans les arithm{\'e}tiques en langue fran{\c c}aise de la fin du Moyen Age},
	volume = {7},
	issn = {0240-8716},
	journal = {Documents pour l'histoire du vocabulaire scientifique},
	author = {Benoit, Paul},
	year = {1985},
	pages = {77--95}
}

@article{Mayaffre2005,
	title = {De la lexicom{\'e}trie {\`a} la logom{\'e}trie},
	journal = {Astrolabe},
	author = {Mayaffre, Damon},
	year = {2005}
}

@article{mayaffre20052,
  author = {Mayaffre, Damon},
  title = {Les corpus politiques : objet, m{\'e}thode et contenu. Introduction},
  journal = {Corpus},
  year = {2005},
  pages = {10},
  number = {4},
  month = dec,
  note = {Les corpus politiques : objet, m{\'e}thode et contenu, d{\'e}cembre 2005, mis en ligne le 5 septembre 2006, http://corpus.revue.org},   
  lccn = {0005}
}

@INCOLLECTION{Prost1988,
  author = {Prost, Antoine},
  title = {Les mots},
  booktitle = {Pour une histoire politique},
  editor = {R{\'e}mond Ren{\'e}},
  publisher = {Seuil},
  year = {1988},
  pages = {255--286},
  address = {Paris},
  lccn = {0017}
}

@BOOK{Rastier2011,
  title = {La mesure et le Grain. S{\'e}mantique de corpus},
  year = {2011},
  author = {Rastier},
  address = {Paris},
  edition = {Champion},
  lccn = {0000}
}

@book{spiesserarithmetique2003,
        series = {De diversis artibus ; t. 70},
        title = {Une arithm{\'e}tique commerciale du XVe si{\`e}cle : le Compendy de la praticque des nombres de Barth{\'e}lemy de Romans},
        isbn = {2503511961},
        publisher = {Brepols},
        author = {Spiesser, Maryvonne},
        year = {2003}
}

@article{brunet2000,
author={Brunet Etienne},
title= {Qui lemmatise dilemne attise},
journal= {lexicometrica},
number= {},
year=  {2000},
pages= {1-19}
}

@article{Der2010,
author={Benjamin Deruelle},
title={Enjeux politiques et sociaux de la culture chevaleresque au {XVI}e si{\`e}cle: les prologues de chansons de geste imprim{\'e}es},
journal= {Revue historique},
number= {3},
year= {2010},
pages={551-576}
}

@article{honkela,
author={Nina Janasik and Timo Honkela and Henrik Bruun},
title = {Text mining in qualitative research: application of an unsupervised learning methode},
journal = {Organizational Research Methods},
number = {12},
volume = {3},
pages = {436-460},
year = {2009}
}